@article{zeldow2019semiparametric,
  title={A semiparametric modeling approach using Bayesian additive regression trees with an application to evaluate heterogeneous treatment effects},
  author={Zeldow, Bret and Re III, Vincent Lo and Roy, Jason},
  journal={The Annals of Applied Statistics},
  volume={13},
  number={3},
  pages={1989},
  year={2019},
  publisher={NIH Public Access}
}

@article{chipman2010bart,
  title={BART: Bayesian additive regression trees},
  author={Chipman, Hugh A and George, Edward I and McCulloch, Robert E},
  journal={The Annals of Applied Statistics},
  volume={4},
  number={1},
  pages={266--298},
  year={2010},
  publisher={Institute of Mathematical Statistics}
}

@article{albert1993bayesian,
  title={Bayesian analysis of binary and polychotomous response data},
  author={Albert, James H and Chib, Siddhartha},
  journal={Journal of the American statistical Association},
  volume={88},
  number={422},
  pages={669--679},
  year={1993},
  publisher={Taylor \& Francis Group}
}

@article{zhang2010bayesian,
  title={The Bayesian additive classification tree applied to credit risk modelling},
  author={Zhang, Junni L and H{\"a}rdle, Wolfgang K},
  journal={Computational Statistics \& Data Analysis},
  volume={54},
  number={5},
  pages={1197--1205},
  year={2010},
  publisher={Elsevier}
}

@article{sparapani2016nonparametric,
  title={Nonparametric survival analysis using Bayesian additive regression trees (BART)},
  author={Sparapani, Rodney A and Logan, Brent R and McCulloch, Robert E and Laud, Purushottam W},
  journal={Statistics in medicine},
  volume={35},
  number={16},
  pages={2741--2753},
  year={2016},
  publisher={Wiley Online Library}
}

@article{hernandez2015bayesian,
  title={Bayesian methods for proteomic biomarker development},
  author={Hern{\'a}ndez, Belinda and Pennington, Stephen R and Parnell, Andrew C},
  journal={EuPA Open Proteomics},
  volume={9},
  pages={54--64},
  year={2015},
  publisher={Elsevier}
}

@article{kindo2016multinomial,
  title={Multinomial probit Bayesian additive regression trees},
  author={Kindo, Bereket P and Wang, Hao and Pe{\~n}a, Edsel A},
  journal={Stat},
  volume={5},
  number={1},
  pages={119--131},
  year={2016},
  publisher={Wiley Online Library}
}

@article{hernandez2018bayesian,
  title={Bayesian additive regression trees using Bayesian model averaging},
  author={Hern{\'a}ndez, Belinda and Raftery, Adrian E and Pennington, Stephen R and Parnell, Andrew C},
  journal={Statistics and computing},
  volume={28},
  number={4},
  pages={869--890},
  year={2018},
  publisher={Springer}
}

@article{lineroAnDyang2018,
  title={Bayesian regression tree ensembles that adapt to smoothness and sparsity},
  author={Linero, Antonio R and Yang, Yun},
  journal={Journal of the Royal Statistical Society: Series B (Statistical Methodology)},
  volume={80},
  number={5},
  pages={1087--1110},
  year={2018},
  publisher={Wiley Online Library}
}


@article{linero2018bayesian,
  title={Bayesian regression trees for high-dimensional prediction and variable selection},
  author={Linero, Antonio R},
  journal={Journal of the American Statistical Association},
  volume={113},
  number={522},
  pages={626--636},
  year={2018},
  publisher={Taylor \& Francis}
}

@article{rovckova2020posterior,
  title={Posterior concentration for Bayesian regression trees and forests},
  author={Ro{\v{c}}kov{\'a}, Veronika and van der Pas, St{\'e}phanie},
  journal={Annals of Statistics},
  volume={48},
  number={4},
  pages={2108--2131},
  year={2020},
  publisher={Institute of Mathematical Statistics}
}

@inproceedings{rovckova2019theory,
  title={On theory for BART},
  author={Ro{\v{c}}kov{\'a}, Veronika and Saha, Enakshi},
  booktitle={The 22nd International Conference on Artificial Intelligence and Statistics},
  pages={2839--2848},
  year={2019},
  organization={PMLR}
}

@article{JSSv070i04,
   author = {Adam Kapelner and Justin Bleich},
   title = {bartMachine: Machine Learning with Bayesian Additive Regression Trees},
   journal = {Journal of Statistical Software, Articles},
   volume = {70},
   number = {4},
   year = {2016},
   issn = {1548-7660},
   pages = {1--40},
   doi = {10.18637/jss.v070.i04},
   url = {https://www.jstatsoft.org/v070/i04}
}

@Manual{BARTpkg,
    title = {BART: Bayesian Additive Regression Trees},
    author = {Robert McCulloch and Rodney Sparapani and Charles Spanbauer and Robert Gramacy and Matthew Pratola},
    year = {2020},
    note = {R package version 2.8},
    url = {https://CRAN.R-project.org/package=BART},
  }
  
  @Manual{R,
    title = {R: A Language and Environment for Statistical Computing},
    author = {{R Core Team}},
    organization = {R Foundation for Statistical Computing},
    address = {Vienna, Austria},
    year = {2020},
    url = {https://www.R-project.org/},
  }
  
  @article{tan2019bayesian,
  title={Bayesian additive regression trees and the General BART model},
  author={Tan, Yaoyuan Vincent and Roy, Jason},
  journal={Statistics in medicine},
  volume={38},
  number={25},
  pages={5048--5069},
  year={2019},
  publisher={Wiley Online Library}
}

@article{prado2021bayesian,
  title={Bayesian additive regression trees with model trees},
  author={Prado, Estev{\~a}o B and Moral, Rafael A and Parnell, Andrew C},
  journal={Statistics and Computing},
  volume={31},
  number={3},
  pages={1--13},
  year={2021},
  publisher={Springer}
}